<?xml version="1.0" encoding="UTF-8"?><collection xmlns="http://www.loc.gov/MARC21/slim"><record><leader>00338nam--2200145-i-4500</leader><controlfield tag="001">000004562</controlfield><controlfield tag="002">20161230</controlfield><controlfield tag="005">20170210014008</controlfield><controlfield tag="008">060222s1000------------r-----000-0-eng-d</controlfield><datafield ind1=" " ind2=" " tag="100"><subfield code="a">Dimitriu, C. C</subfield></datafield><datafield ind1=" " ind2=" " tag="245"><subfield code="a">Diagnostic clinic</subfield></datafield><datafield ind1=" " ind2=" " tag="260"><subfield code="a">Bucuresti</subfield><subfield code="b">Ed.Medicala</subfield><subfield code="c">1959</subfield></datafield><datafield ind1=" " ind2=" " tag="300"><subfield code="a">620 p</subfield></datafield><datafield ind1=" " ind2=" " tag="852"><subfield code="a">61</subfield></datafield><datafield ind1=" " ind2=" " tag="CAT"><subfield code="a">SYS</subfield><subfield code="c">20170210</subfield><subfield code="h">014008</subfield></datafield></record></collection>